2560 3000
937 202 498 123 Introduction

375 340 1880 120 In our attics and basements, we all have boxes

382 447 1893 138 of treasures and memorabilia from earlier times in

365 557 375 85 our lives.

375 632 1802 140 I am a that stage when treasures must be

380 737 1802 120 sorted, evaluated, and decisions made about

372 845 1768 120 their fate. The box marked "Met" contained

377 942 1913 138 letters, newspaper articles, photographs, yearbooks,

385 1042 1825 120 and many other items that even now evoke

407 1145 1653 100 memories and have value in many ways.

385 1240 1877 105 In discussion with Ron Foster, he assured me

375 1332 1862 128 that rather than the unthinkable fate of the

407 1425 1850 152 items being discarded, there would indeed be

407 1517 1953 163 a place for them in the Archives of the Metropolitan

415 1650 665 117 General Hospital.

402 1742 1878 160 Accordingly, with that approval and encouragement,

402 1845 1808 160 I began to organize and prepare the collection.

395 1955 1045 135 It includes the following:

497 2032 1768 163 1. Volumes 1, 2, 3, and 4 of materials mounted on

580 2122 1517 143 acid-free paper, where possible. They are

585 2220 1635 132 presented chronologically from the beginning

590 2270 1640 180 of the School in 1954, to my arrival in 1958,

575 2392 1765 125 then to the transfer to St. Clair College in 1973,

575 2495 1665 145 and the demolition of the School building

587 2610 303 80 in 1998.

575 2655 1490 102 Details re Courses and Curriculum are

572 2740 1558 140 included in copies of the Announcements
