2560 3326
866 235 592 121 Introduction

351 391 1926 109 In our attics and basements, we all have boxes

372 504 1926 131 of freasures and memorabilia from earlier times in

373 631 402 76 our lives.

370 712 1836 134 I am at that stage when treasures must be

372 829 1823 115 sorted, evaluated, and decisions made about

372 952 1762 109 their late. The box marked "Met." contained

379 1055 1919 134 letters, newspaper articles photogaphs, yearbooks,

387 1168 1838 110 and many other items that even now revoke

402 1290 1669 90 memories and have value in many ways.

382 1383 1910 101 In discussion with Ron Foster, he assured me

380 1489 1863 117 that rather than the unthinkable fate of the

384 1591 1897 160 items being discarded, there would indeed be

388 1697 1984 154 a place for them in the Archives of the the Metropolitan

414 1838 682 118 General Hospital.

392 1946 1901 155 Accordingly, with that approval and encouragement,

387 2053 1832 160 I began to organize and prepare the collection.

413 2175 1033 135 It includes the following:

511 2271 1760 149 1. Volumes 1, 2, 3 and 4 of materials mounted on

589 2368 1537 133 acid -free paper, where possible. They are

577 2473 1666 132 presented chronologically from the beginning

578 2576 1667 135 of the School in 1954 to my arrival in 1958,

583 2666 1748 114 than to the transfer to St. Clair College in 1973,

579 2775 1657 143 and the demolition of the School building

591 2904 304 70 in 1998.

570 2959 1518 95 Details re Course and Curriculum are

589 3048 1558 125 included in copies of the Annoucements
